<?xml version="1.0" encoding="UTF-8"?><collection xmlns="http://www.loc.gov/MARC21/slim"><record><leader>00485nam--2200181-i-4500</leader><controlfield tag="001">000040964</controlfield><controlfield tag="002">20161230</controlfield><controlfield tag="005">20161230201042</controlfield><controlfield tag="008">060222s1000------------r-----000-0-eng-d</controlfield><datafield ind1=" " ind2=" " tag="040"><subfield code="a">IFIN-HH</subfield></datafield><datafield ind1=" " ind2=" " tag="041"><subfield code="a">eng</subfield></datafield><datafield ind1=" " ind2=" " tag="080"><subfield code="a">51</subfield></datafield><datafield ind1=" " ind2=" " tag="245"><subfield code="a">Standard mathematical tables. seventeenth edition</subfield></datafield><datafield ind1=" " ind2=" " tag="260"><subfield code="a">Cleveland Ohio, The Chemical Rubber Co., 1969, Xii+724p</subfield></datafield><datafield ind1=" " ind2=" " tag="490"><subfield code="a">Crc Handbook Series</subfield></datafield><datafield ind1=" " ind2=" " tag="700"><subfield code="a">Selby, Samuel M</subfield></datafield><datafield ind1=" " ind2=" " tag="852"><subfield code="a">33076</subfield><subfield code="c">518.2</subfield></datafield><datafield ind1=" " ind2=" " tag="CAT"><subfield code="a">Sys</subfield><subfield code="c">20100318</subfield><subfield code="h">123731</subfield></datafield></record></collection>